@misc{netflixblog,
   title={Netflix and stolen time},
author = {D. Link},
howpublished = {\url{http://blog.sciencelogic.com/netflix-steals-time-in-the-cloud-and-from-users/03/2011}},
   key={netflixblog}
}



@book{Poor98,
author = {H.V. Poor},
title = {An introduction to signal detection and estimation},
publisher = {Springer},
year = {1998}
}

@inproceedings{Zhou_TRUST,
  title={Trust: A general framework for truthful double spectrum auctions},
  author={X. Zhou, H. Zheng},
  booktitle={Proc. IEEE INFOCOM},
%  pages={999--1007},
  year={2009},
}

@article{fairelec,
  title={Fair electricity transfer price and unit capacity selection for microgrids},
  author={D. Zhang, N.J. Samsatli, A.D. Hawkes, D.J.L. Brett,
N. Shah, L.G. Papageorgiou},
  journal={Energy Economics},
  volume={36},
  pages={581--593},
  year={2013},
  publisher={Elsevier}
}

@book{enerpricing,
  title={Electricity markets: pricing, structures and economics},
  author={C. Harris},
  volume={565},
  year={2011},
  publisher={John Wiley \& Sons}
}/

@article{elecauction,
  title={Designing electricity auctions},
  author={N. Fabra, N.-H. Fehr, D. Harbord},
  journal={The RAND Journal of Economics},
  volume={37},
  number={1},
  pages={23--46},
  year={2006},
  publisher={Wiley Online Library}
}



%@book{enerpricing,
  %title={Electricity Markets: Pricing, Structures and Economics},
  %author={C. Harris},
  %volume={565},
  %year={2011},
  %publisher={John Wiley \& Sons}
%}

@article{elecauction,
  title={Designing electricity auctions},
  author={N. Fabra, N.-H. Fehr, D. Harbord},
  journal={The RAND Journal of Economics},
  volume={37},
  number={1},
  pages={23--46},
  year={2006},
  publisher={Wiley Online Library}
}

@book{Haykin01,
author = {S. Haykin},
title = {Adaptive filter theory},
publisher = {Prentice Hall},
year = {2001}
}

@inproceedings{sigmetric12,
title={Pricing cloud bandwidth reservations under demand uncertainty},
author={Niu, D. and Feng, C. and Li, B.},
booktitle = {Proc. of ACM SIGMETRICS},
  year={2012},
}

@inproceedings{infocom12,
title={A Theory of cloud bandwidth pricing for video-on-demand providers},
author={D. Niu, C. Feng, B. Li},
booktitle = {Proc. IEEE INFOCOM},
address = "Orlando, FL, USA",
  year={March. 2012},
}

@inproceedings{infocomLi13,
title={Profit-maximizing virtual machine trading in a federation of selfish clouds},
author={Li, H. and Wu, C. and Li, Z. and Lau, F.},
booktitle = {Proc. of IEEE INFOCOM},
year={2013},
}


@inproceedings{iccXu12,
title={Maximizing revenue with dynamic cloud pricing: the infinite horizon case},
author={Xu, H. and Li, B.},
booktitle = {Proc. of IEEE ICC},
  year={2012},
}


@article{tssNarayan14,
  title={Power-aware cloud metering},
  author={A. Narayan, S. Rao},
  journal={Services Computing, IEEE Transactions on},
  volume={7},
  number={3},
  pages={440--448},
  year={2014},
  publisher={IEEE}
}


@article{Rosen65,
author= "J.B. Rosen",
title = "Existence and uniqueness of equilibrium points for concave $N$-person games",
journal = "Econometrica",
volume ="33",
number ="3",
pages ="520-534",
year =" 1965"
}

@inproceedings{ucc13,
  title={Data center cost optimization via workload modulation under real-world electricity pricing},
  author={C. Wang and B. Urgaonkar and Q. Wang and
G. Kesidis and A. Sivasubramaniam},
booktitle = "Proc. ACM/IEEE UCC",
address = "Dresden, Germany",
  year={Dec. 2013},
}


@inproceedings{Kobyashi94,
  title={Diffusion process approximations of a statistical multiplexer with markov modulated bursty traffic sources},
  author={Q. Ren and H. Kobayashi},
  booktitle={Proc. IEEE GLOBECOM},
  year={1994}
}

@inproceedings{GFA10,
	author = "M. Galus and R. Fauci  and G. Andersson",
	title = "Investigating {PHEV} wind balancing capabilities using heuristics and
		  model predictive control",
	booktitle = "Proc. IEEE PES",
	year = "2010"
}

@inproceedings{cataclysm,
  author    = {Bhuvan Urgaonkar and
               Prashant Shenoy},
  title     = {Cataclysm: Handling Extreme Overloads in Internet Applications},
  booktitle = {WWW},
  year      = {2005},
  pages     = {740-749},

}

@inproceedings{ChenHLNRX08,
 author = {Chen, G.  and He, W. and Liu, J. and Nath, S. and Rigas, L. and Xiao, L. and Zhao, F.},
 title = {Energy-aware server provisioning and load dispatching for connection-intensive internet services},
 booktitle = {Proc. of NSDI},
 year = {2008},
 location = {San Francisco, California},
% pages = {337--350},
 %numpages = {14},
 %publisher = {USENIX Association},
 %address = {Berkeley, CA, USA},
}

@article{rao2011hedging,
  title={Hedging against uncertainty: a tale of internet data center operations under smart grid environment},
  author={L. Rao, X. Liu, L. Xie, Z. Pang},
  journal={Smart Grid, IEEE Transactions on},
  volume={2},
  number={3},
  pages={555--563},
  year={2011},
  publisher={IEEE}
}

@inproceedings{LiuLWLA11,
  author = {Z. Liu, M. Lin, A. Wierman, S. H. Low, L. L.H. Andrew},
 title = {Greening geographical load balancing},
 booktitle = {Proceedings of the ACM SIGMETRICS},
 series = {SIGMETRICS '11},
 year = {2011},
% isbn = {978-1-4503-0814-4},
 location = {San Jose, California, USA},
 %pages = {233--244},
% numpages = {12},
 publisher = {ACM},
% address = {New York, NY, USA},

}

@article{mandelbaum2004scheduling,
  title={Scheduling flexible servers with convex delay costs: Heavy-traffic optimality of the generalized c$\mu$-rule},
  author={A. Mandelbaum, A. L. Stolyar},
  journal={Operations Research},
  volume={52},
  number={6},
  pages={836--855},
  year={2004},
  publisher={INFORMS}
}

@INPROCEEDINGS{WangC08,
author={X. Wang, M. Chen},
booktitle={High Performance Computer Architecture, 2008. HPCA 2008. IEEE 14th International Symposium on},
title={Cluster-level feedback power control for performance optimization},
year={2008},
pages={101-110},
ISSN={1530-0897},}


@inproceedings{LuTCCL2013,
 author = {Lu, Lian and Tu, Jinlong and Chau, Chi-Kin and Chen, Minghua and Lin, Xiaojun},
 title = {Online energy generation scheduling for microgrids with intermittent energy sources and co-generation},
 booktitle = {Proceedings of the ACM SIGMETRICS},
% series = {SIGMETRICS '13},
 year = {2013},
 %isbn = {978-1-4503-1900-3},
 location = {Pittsburgh, PA, USA},
 %pages = {53--66},
 %numpages = {14},
 publisher = {ACM},
 %address = {New York, NY, USA},
}

@inproceedings{deng2013multigreen,
  title={MultiGreen: cost-minimizing multi-source datacenter power supply with online control},
  author={Deng, Wei and Liu, Fangming and Jin, Hai and Wu, Chuan and Liu, Xue},
  booktitle={Proceedings of the fourth international conference on Future energy systems},
  pages={149--160},
  year={2013},
  organization={ACM}
}

@inproceedings{RenHX12,
 author = {Ren, Shaolei and He, Yuxiong and Xu, Fei},
 title = {Provably-Efficient Job Scheduling for Energy and Fairness in Geographically Distributed Data Centers},
 booktitle = {Proceedings of the 2012 IEEE 32nd International Conference on Distributed Computing Systems},
 series = {ICDCS '12},
 year = {2012},
 isbn = {978-0-7695-4685-8},
 pages = {22--31},
 numpages = {10},
 publisher = {IEEE Computer Society},
 address = {Washington, DC, USA},
}

@inproceedings{yao2012data,
  title={Data centers power reduction: A two time scale approach for delay tolerant workloads},
  author={Yao, Yuan and Huang, Longbo and Sharma, Abhishek and Golubchik, Leana and Neely, Michael},
  booktitle={INFOCOM, 2012 Proceedings IEEE},
  pages={1431--1439},
  year={2012},
  organization={IEEE}
}

@inproceedings{zhou2013arbitrating,
  title={On Arbitrating the Power-Performance Tradeoff in SaaS Clouds},
  author={Zhou, Zhi and Liu, Fangming and Jin, Hai and Li, Bo and Li, Baochun and Jiang, Hongbo},
  booktitle={Proc. of IEEE INFOCOM},
  year={2013}
}


@inproceedings{hegde11,
  title={Optimal Control of Residential Energy Storage Under Price Fluctuations},
  author={P. Ven and N. Hegde and L. Massoulie and T. Salonidis},
  booktitle={International Conference on Smart Grids, Green Communications and IT Energy-aware Technologies},
  year={2011}
}

@inproceedings{Pacheco-SanchezCSMPD11,
  author = {Pacheco-Sanchez, Sergio and Casale, Giuliano and Scotney, Bryan W. and McClean, Sally I. and Parr, Gerard P. and Dawson, Stephen},
  booktitle = {IEEE CLOUD},
  pages = {147-154},
  publisher = {IEEE},
  title = {Markovian Workload Characterization for QoS Prediction in the Cloud.},
  year = {2011}
}

@inproceedings{Karlin1990,
 author = {Karlin, Anna R. and Manasse, Mark S. and McGeoch, Lyle A. and Owicki, Susan},
 title = {Competitive randomized algorithms for non-uniform problems},
 booktitle = {Proceedings of the first annual ACM-SIAM symposium on Discrete algorithms},
 series = {SODA '90},
 year = {1990},
 isbn = {0-89871-251-3},
 location = {San Francisco, California, USA},
 pages = {301--309},
 numpages = {9},
 publisher = {Society for Industrial and Applied Mathematics},
 address = {Philadelphia, PA, USA},
}


@book{bert,
title={Dynamic Programming and Optimal Control, Vol. 1},
author={Dimitris Bertsekas},
year={2005},
publisher={Athena Scientific},
}

@book{macie,
author = {J. M. Maciejowski},
publisher = {Prentice-Hall},
title = {Predictive Control with Constraints},
year = {2002},
}


@inproceedings{barnoy2008,
  title={Peak Shaving Through Resource Buffering},
  author={A. Bar-Noy and M. Johnson and O. Liu},
  booktitle={WAOA},
  year={2008}
}

@inproceedings{barnoy2008a,
  title={When to reap and when to sow: lowering peak usage with realistic batteries},
  author={Bar-Noy, A. and Feng, Y. and Johnson, M. and Liu, O.},
  booktitle={Proc. of WEA},
  year={2008}
}


@inproceedings{barker2012smartcap,
  title={SmartCap: Flattening peak electricity demand in smart homes},
  author={Barker, S. and Mishra, A. and Irwin, D. and Shenoy, P. and Albrecht, J.},
  booktitle={Pervasive Computing and Communications (PerCom), 2012 IEEE International Conference on},
  pages={67--75},
  year={2012},
  organization={IEEE}
}

@inproceedings{govindan-isca2011,
  Author = "S. Govindan and A. Sivasubramaniam and B. Urgaonkar",
  Booktitle = "ISCA",
  Title = "Benefits and Limitations of Tapping into Stored Energy for Datacenters",
  pages = {341--352},
  Month = "Jun",
  Year = "2011"
}

@inproceedings{wang-sigmetrics2012,
  Author = "D. Wang and C. Ren and A. Sivasubramaniam and B. Urgaonkar and H. K. Fathy",
  Booktitle = "Proc. of ACM SIGMETRICS",
  Title = "Energy Storage in Datacenters: What, Where and How Much?",
  Year = "2012"
}

@inproceedings{urgaonkar-sigmetrics2011,
  Author = "R. Urgaonkar and B. Urgaonkar and M. J.  Neely and A. Sivasubramaniam",
  Booktitle = "Proc. of ACM SIGMETRICS",
  Title = "Optimal Power Cost Management Using Stored Energy in Data Centers",
  Year = "2011",
}

@inproceedings{liu2013,
  Author = {Liu, Z. and Wierman, A. and Chen, Y. and Razon, B.},
  Booktitle = {Proc. of ACM SIGMETRICS},
  Title = {Data center demand response: Avoiding the coincident peak via workload shifting and local generation},
  Year = {2013}
}


@INPROCEEDINGS{govindan-asplos2012,
  Author = "S. Govindan and D. Wang and A. Sivasubramaniam and B. Urgaonkar",
  Booktitle = "ACM ASPLOS",
  Title = "Leveraging Stored Energy for Handling Power Emergencies in Aggressively Provisioned Datacenters",
  pages = {75--86},
  Month = "Mar",
  Year = "2012",
}

@inproceedings{govindan-hotpower2011,
  Author = "S. Govindan and D. Wang and L. Chen and A. Sivasubramaniam and B. Urgaonkar",
  Booktitle = "Hotpower",
  Title = "Towards Realizing a Low Cost and Highly Available Datacenter Power Infrastructure",
  Month = "Oct",
  Year = "2011",
  organization={}
}

@inproceedings{RenWUS12,
  author = {Ren, Chuangang and Wang, Di and Urgaonkar, Bhuvan and Sivasubramaniam, Anand},
  booktitle = {Proc. IEEE MASCOTS},
  pages = {391-400},
  publisher = {IEEE Computer Society},
  title = {Carbon-Aware Energy Capacity Planning for Datacenters.},
  year = 2012
}

@BOOK{Border85,
        AUTHOR = {K. C. Border},
        TITLE = {Fixed point theorems with applications to economics and game theory},
        PUBLISHER = {Cambridge University Press},
        YEAR = {1985},
        ADDRESS = {London}
        }





@inproceedings{cao2008virtual,
  title={Virtual battery: An energy reserve abstraction for embedded sensor networks},
  author={Cao, Q. and Fesehaye, D. and Pham, N. and Sarwar, Y. and Abdelzaher, T.},
  booktitle={Real-Time Systems Symposium, 2008},
  pages={123--133},
  year={2008},
  organization={IEEE}
}

@inproceedings{LiKXLSY08,
  author    = {Bo Li and
               Gabriel Yik Keung and
               Susu Xie and
               Fangming Liu and
               Ye Sun and
               Hao Yin},
  title     = {An Empirical Study of Flash Crowd Dynamics in a P2P-Based
               Live Video Streaming System},
  booktitle = {GLOBECOM},
  year      = {2008},
  pages     = {1752-1756},

}

@inproceedings{FanWB07,
  author    = {Xiaobo Fan and
               Wolf-Dietrich Weber and
               Luiz Andr{\'e} Barroso},
  title     = {Power provisioning for a warehouse-sized computer},
  booktitle = {ISCA},
  year      = {2007},
  pages     = {13-23},

}

@inproceedings{ChenGGK11,
  author    = {Chen, Y. and Ganapathi, A. and Griffith, R. and Katz, R. H.},
  title     = {The case for evaluating mapreduce performance using workload
               Suites},
  booktitle = {Proc. of IEEE MASCOTS},
  year      = {2011},
 % pages     = {390-399},

}

@inproceedings{HeELY12,
  author    = {He, Y. and Elnikety, S. and Larus, J. R. and Yan, C.},
  title     = {Zeta: scheduling interactive services with partial execution},
  booktitle = {Proc. of SoCC},
  year      = {2012},
  %pages     = {12},
}

@article{li2010towards,
  title={Towards optimal electric demand management for internet data centers},
  author={Li, J. and Li, Z. and Ren, K. and Liu, X.},
  journal={Smart Grid, IEEE Transactions on},
  number={99},
  pages={1--1},
  year={2010},
  publisher={IEEE}
}


@misc{Finch-OU,
   title={Ornstein-Uhlenbeck Process},
author = {S. Finch},
howpublished = {http://www.people.fas.harvard.edu/$\sim$sfinch/csolve/ou.pdf},
   key={Finch},
   year={2004},
}


@misc{greenemail,
   title={{Green Email}},
   note={\url{https://datagreening.com/}},
   key={greenemail},
   year={2014},
}




@misc{duke,
   title={{Duke utility bill tariff}},
   note={\url{http://www.considerthecarolinas.com/pdfs/scscheduleopt.pdf}},
   key={duke},
   year={2014},
}

@misc{akamai,
   title={{Analysis: Colocation pricing trends}},
   key={akamai},
   note={\url{http://www.datacenterknowledge.com/archives/2011/02/11/analysis-colocation-pricing-trends/}},
   year={2011}
}

@misc{PJM,
   title={{Day-Ahead Energy Market, PJM}},
   key={PJM},
   note={\url{http://www.pjm.com/markets-and-operations/energy/day-ahead.aspx}},
   year={2014}
}

@misc{ComEd,
   title={{Real-time hourly prices, ComEd}},
   key={ComEd},
   note={\url{http://https://rrtp.comed.com/live-prices/}},
   year={2014}
}

@misc{nationalgrid,
   title={{Large General TOU, National Grid}},
   key={nationalgrid},
   note={\url{http://www.nationalgridus.com/niagaramohawk/business/rates/5_elec_sc3a.asp}},
   year={2013}
}

@misc{sdgeTier,
   title={{Tiered Rates: How do tiered rates affect your bill?}},
   key={sdgeTier},
   note={\url{http://www.sdge.com/tiered-rates}},
   year={2009}
}

@misc{oebTier,
   title={{Ontario Energy Board: Tired Pricing}},
   key={oebTier},
   note={\url{http://www.ontarioenergyboard.ca/OEB/Consumers/Electricity/Electricity+Prices#tiered}},
   year={2013}
}

@misc{idahoTier,
   title={{Idaho Residential Tiered Rates}},
   key={idahoTier},
   note={\url{http://www.idahopower.com/aboutus/ratesregulatory/rates/grcResidential.cfm}},
   year={2013}
}

@misc{coincidentPeak,
   title={{Fort Collins Coincident Peak}},
   key={coincidentPeak},
   note={\url{http://www.fcgov.com/utilities/business/rates/electric/coincident-peak}},
   year={2013},
}

@misc{amazon-spot,
   key={amazon-spot},
   title={{Amazon EC2 Spot Instances}},
   note={\url{http://aws.amazon.com/ec2/spot-instances/}},
   year={2013}
}

@article{GandhiGHK10,
  author    = {Anshul Gandhi and
               Varun Gupta and
               Mor Harchol-Balter and
               Michael A. Kozuch},
  title     = {Optimality analysis of energy-performance trade-off for
               server farm management},
  journal   = {Perform. Eval.},
  volume    = {67},
  number    = {11},
  year      = {2010},
  pages     = {1155-1171},

}

@article{UrgaonkarSCGW08,
  author    = {Bhuvan Urgaonkar and
               Prashant J. Shenoy and
               Abhishek Chandra and
               Pawan Goyal and
               Timothy Wood},
  title     = {Agile dynamic provisioning of multi-tier Internet applications},
  journal   = {TAAS},
  volume    = {3},
  number    = {1},
  year      = {2008},

}

@article{mama13,
  title={Pricing of Service in Clouds: Optimal Response and Strategic Interactions},
  author={Urgaonkar, Bhuvan and Kesidis, George and Shanbhag, Uday V and Wang, Cheng},
  journal={Workshop on Mathematical performance Modeling and Analysis (MAMA 2013), co-located with ACM SIGMETRICS},
  month={June},
  year={2013}
}

@Inproceedings{XuL2013,
   author = {Xu, H. and Li, B.},
    title = {Reducing electricity demand charge for data centers with partial execution},
  booktitle = {Proc. of e-Energy},
 year = {2014}
}

@article{LuCA2013,
author = {Tan Lu and Minghua Chen and Lachlan L.H. Andrew},
title = {Simple and Effective Dynamic Provisioning for Power-Proportional Data Centers},
journal ={IEEE Transactions on Parallel and Distributed Systems},
volume = {24},
number = {6},
issn = {1045-9219},
year = {2013},
pages = {1161-1171},
publisher = {IEEE Computer Society},
address = {Los Alamitos, CA, USA},
}

@techreport{zhaopeak,
  title={Peak-Minimizing Online EV Charging},
  author={Zhao, Shizhen and Lin, Xiaojun and Chen, Minghua},
  institution={Technical Report, Purdue University.[Online]. Available: http://web. ics. purdue. edu/},
  year={2013}
}

@misc{latimes-tiered,
   key={latimes-tiered},
   author={Frederick Taylor-Hochberg},
   title={{Pricing of electricity could use a jolt, Op-Ed, LA Times, Nov. 13, 2011}},
   note={\url{http://articles.latimes.com/2011/nov/13/opinion/la-oe-taylor-hochberg-electricity-rates-20111113}},
   year={2011}
}
@inproceedings{freris2010resource,
  title={Resource allocation for multihomed scalable video streaming to multiple clients},
  author={Freris, Nikolaos M and Hsu, Cheng-Hsin and Zhu, Xiaoqing and Singh, Jatinder Pal},
  booktitle={Multimedia (ISM), 2010 IEEE International Symposium on},
  pages={9--16},
  year={2010},
  organization={IEEE}
}

@article{van1995dynamic,
  title={Dynamic scheduling with convex delay costs: The generalized c$\mu$ rule},
  author={Van Mieghem, Jan A},
  journal={The Annals of Applied Probability},
  pages={809--833},
  year={1995},
  publisher={JSTOR}
}

@INPROCEEDINGS{shaojietanginfocom13,
author={ShaoJie Tang and Qiuyuan Huang and Xiang-yang Li and Dapeng Wu},
booktitle={INFOCOM, 2013 Proceedings IEEE},
title={Smoothing the energy consumption: Peak demand reduction in smart grid},
year={2013},
pages={1133-1141},
}

@INPROCEEDINGS{yaoSmartGrid13,
author={Yao, J. and Liu, X. and Zhang, C.},
booktitle={Smart Grid, IEEE Transactions on},
title={Predictive Electricity Cost Minimization Through Energy Buffering in Data Centers},
year={2013},
volume={PP},
pages={1-9},
}

@article{Mahmud2013,
 author = {Mahmud, A. Hasan and Ren, Shaolei},
 title = {Online Capacity Provisioning for Carbon-neutral Data Center with Demand-responsive Electricity Prices},
 journal = {SIGMETRICS Perform. Eval. Rev.},
 issue_date = {September 2013},
 volume = {41},
 number = {2},
 month = aug,
 year = {2013},
 issn = {0163-5999},
 pages = {26--37},
 numpages = {12},
 publisher = {ACM},
}


@INPROCEEDINGS{Yin02analysison,
    author = {Qinghe Yin and Yuming Jiang and Shengming Jiang and Peng Yong Kong},
    title = {Analysis on generalized stochastically bounded bursty traffic for communication networks},
    booktitle = {in Proc. IEEE Local Computer Networks 2002},
    year = {2002},
    pages = {141--149}
}


@inproceedings{doyle2013,
author={Doyle, J. and Shorten, R. and O'Mahony, D.},
booktitle={Cloud Computing, IEEE Transactions on},
title={Stratus: Load Balancing the Cloud for Carbon Emissions Control},
year={2013},
volume={PP},
pages={1-1},
keywords={Electricity supply industry;Industrial plants;Load management;Power distribution;Power generation;Power system economics;Network management;Network operating systems},
doi={10.1109/TCC.2013.4},
ISSN={2168-7161},}

@misc{dcpowergrew,
   key={latimes-tiered},
   author={Archana Venkatraman},
   title={{Global census shows datacentre power demand grew in 2012, Computer Weekly, Oct. 08}},
   note={\url{http://www.computerweekly.com/news/2240164589/Datacentre-power-demand-grew-63-in-2012-Global-datacentre-census}},
   year={2012}
}

@inproceedings{ChenSigm05,
 author = {Chen, Y. and Das, A. and Qin, W. and Sivasubramaniam, A. and Wang, Q. and Gautam, N.},
 title = {Managing server energy and operational costs in hosting centers},
 booktitle = {Proceedings of ACM SIGMETRICS},
 year = {2005},
 location = {Banff, Alberta, Canada}
}



@misc{azure,
   title={{Windows Azure Pricing}},
   key={azure},
   note={\url{https://www.windowsazure.com/en-us/pricing/overview/}},
   year={2014}
}

@misc{rackspace,
   title={{Rackspace Public Cloud Pricing}},
   key={rackspace},
   note={\url{http://www.rackspace.com/cloud/public-pricing/}},
   year={2014}
}

@misc{google,
   title={{Google Cloud Pricing}},
   key={google},
   note={\url{https://cloud.google.com/products/cloud-storage/}},
   year={2014}
}

@misc{powercostincrease,
   title={{Why IT Dollars Will Go Further}},
   key={powercostincrease},
   note={\url{http://www.forbes.com/sites/rajsabhlok/2013/10/31/why-it-dollars-will-go-further-on-googles-floating-data-center/}},
   year={2013.10}
}

@inproceedings{Raghavendra2008,
 author = {Raghavendra, Ramya and Ranganathan, Parthasarathy and Talwar, Vanish and Wang, Zhikui and Zhu, Xiaoyun},
 title = {No "Power" Struggles: Coordinated Multi-level Power Management for the Data Center},
 booktitle = {Proceedings of the 13th International Conference on Architectural Support for Programming Languages and Operating Systems},
 series = {ASPLOS XIII},
 year = {2008},
 isbn = {978-1-59593-958-6},
 location = {Seattle, WA, USA},
 pages = {48--59},
 numpages = {12},
 url = {http://doi.acm.org/10.1145/1346281.1346289},
 doi = {10.1145/1346281.1346289},
 acmid = {1346289},
 publisher = {ACM},
 address = {New York, NY, USA},
 keywords = {capping, control theory, coordination, data center, efficiency, power management, virtualization},
}

@inproceedings{Gandhi2011,
 author = {Gandhi, A. and Yuan Chen and Gmach, D. and Arlitt, M. and Marwah, M.},
 title = {Minimizing Data Center SLA Violations and Power Consumption via Hybrid Resource Provisioning},
 booktitle = {Proceedings of the 2011 International Green Computing Conference and Workshops},
 series = {IGCC '11},
 year = {2011},
 isbn = {978-1-4577-1222-7},
 pages = {1--8},
 numpages = {8},
 url = {http://dx.doi.org/10.1109/IGCC.2011.6008611},
 doi = {10.1109/IGCC.2011.6008611},
 acmid = {2193344},
 publisher = {IEEE Computer Society},
 address = {Washington, DC, USA},
 keywords = {power cycling, data center SLA violations, power consumption, hybrid resource provisioning, resource allocation, data centers, energy consumption, historical workload traces, long-term patterns, base workload, capacity allocation, predictive provisioning, coarse time scales, reactive provisioning, energy conservation, provisioning cost reduction, production systems},
}

@inproceedings{Liu2012,
 author = {Liu, Zhenhua and Chen, Yuan and Bash, Cullen and Wierman, Adam and Gmach, Daniel and Wang, Zhikui and Marwah, Manish and Hyser, Chris},
 title = {Renewable and Cooling Aware Workload Management for Sustainable Data Centers},
 booktitle = {Proceedings of the 12th ACM SIGMETRICS/PERFORMANCE Joint International Conference on Measurement and Modeling of Computer Systems},
 series = {SIGMETRICS '12},
 year = {2012},
 isbn = {978-1-4503-1097-0},
 location = {London, England, UK},
 pages = {175--186},
 numpages = {12},
 url = {http://doi.acm.org/10.1145/2254756.2254779},
 doi = {10.1145/2254756.2254779},
 acmid = {2254779},
 publisher = {ACM},
 address = {New York, NY, USA},
 keywords = {cooling optimization, demand shaping, renewable energy, scheduling, sustainable data center},
}

@inproceedings{Lu2013OEG,
 author = {Lu, Lian and Tu, Jinlong and Chau, Chi-Kin and Chen, Minghua and Lin, Xiaojun},
 title = {Online Energy Generation Scheduling for Microgrids with Intermittent Energy Sources and Co-generation},
 booktitle = {Proceedings of the ACM SIGMETRICS/International Conference on Measurement and Modeling of Computer Systems},
 series = {SIGMETRICS '13},
 year = {2013},
 isbn = {978-1-4503-1900-3},
 location = {Pittsburgh, PA, USA},
 pages = {53--66},
 numpages = {14},
 url = {http://doi.acm.org/10.1145/2465529.2465551},
 doi = {10.1145/2465529.2465551},
 acmid = {2465551},
 publisher = {ACM},
 address = {New York, NY, USA},
 keywords = {combined heat and power generation, energy generation scheduling, microgrids, online algorithm},
}


@inproceedings{Verma2010,
 author = {Verma, A. and Koller, R. and Useche, L. and Rangaswami, R.},
 title = {SRCMap: energy proportional ptorage using dynamic consolidation},
 booktitle = {Proc. of FAST},
 year = {2010}
}

@INPROCEEDINGS{Lininfocom11,
author={Minghong Lin and Wierman, A. and Andrew, L.L.H. and Thereska, E.},
booktitle={INFOCOM, 2011 Proceedings IEEE},
title={Dynamic right-sizing for power-proportional data centers},
year={2011},
month={April},
pages={1098-1106},
keywords={cloud computing;computer centres;power aware computing;power consumption;cloud services;dynamic right-sizing algorithm;lazy online algorithm;power consumption;power-proportional data centers;Data models;Delay;Heuristic algorithms;Optimization;Prediction algorithms;Servers;Switches},
doi={10.1109/INFCOM.2011.5934885},
ISSN={0743-166X},}

@inproceedings{Wangisca2013,
 author = {Wang, Di and Ren, Chuangang and Sivasubramaniam, Anand},
 title = {Virtualizing Power Distribution in Datacenters},
 booktitle = {Proceedings of the 40th Annual International Symposium on Computer Architecture},
 series = {ISCA '13},
 year = {2013},
 isbn = {978-1-4503-2079-5},
 location = {Tel-Aviv, Israel},
 pages = {595--606},
 numpages = {12},
 url = {http://doi.acm.org/10.1145/2485922.2485973},
 doi = {10.1145/2485922.2485973},
 acmid = {2485973},
 publisher = {ACM},
 address = {New York, NY, USA},
 keywords = {batteries, datacenters, power management},
}

@inproceedings{Nathuji2007,
 author = {Nathuji, Ripal and Schwan, Karsten},
 title = {VirtualPower: Coordinated Power Management in Virtualized Enterprise Systems},
 booktitle = {Proceedings of Twenty-first ACM SIGOPS Symposium on Operating Systems Principles},
 series = {SOSP '07},
 year = {2007},
 isbn = {978-1-59593-591-5},
 location = {Stevenson, Washington, USA},
 pages = {265--278},
 numpages = {14},
 url = {http://doi.acm.org/10.1145/1294261.1294287},
 doi = {10.1145/1294261.1294287},
 acmid = {1294287},
 publisher = {ACM},
 address = {New York, NY, USA},
 keywords = {power management, virtualization},
}


@inproceedings{Deng2012,
 author = {Deng, Nan and Stewart, Christopher and Gmach, Daniel and Arlitt, Martin and Kelley, Jaimie},
 title = {Adaptive Green Hosting},
 booktitle = {Proceedings of the 9th International Conference on Autonomic Computing},
 series = {ICAC '12},
 year = {2012},
 isbn = {978-1-4503-1520-3},
 location = {San Jose, California, USA},
 pages = {135--144},
 numpages = {10},
 url = {http://doi.acm.org/10.1145/2371536.2371561},
 doi = {10.1145/2371536.2371561},
 acmid = {2371561},
 publisher = {ACM},
 address = {New York, NY, USA},
 keywords = {carbon, carbon footprint, cloud computing, cost models, green, renewable energy, sustainable, web hosting},
}

@article{Chiu2012EGB,
 author = {Chiu, David and Stewart, Christopher and McManus, Bart},
 title = {Electric Grid Balancing Through Lowcost Workload Migration},
 journal = {SIGMETRICS Perform. Eval. Rev.},
 issue_date = {December 2012},
 volume = {40},
 number = {3},
 month = jan,
 year = {2012},
 issn = {0163-5999},
 pages = {48--52},
 numpages = {5},
 url = {http://doi.acm.org/10.1145/2425248.2425259},
 doi = {10.1145/2425248.2425259},
 acmid = {2425259},
 publisher = {ACM},
 address = {New York, NY, USA},
 keywords = {data centers, demand response, smart grid},
}

@inproceedings{GoiriKLNB13,
  author    = {I{\~n}igo Goiri and
               William A. Katsak and
               Kien Le and
               Thu D. Nguyen and
               Ricardo Bianchini},
  title     = {Parasol and GreenSwitch: managing datacenters powered by
               renewable energy},
  booktitle = {ASPLOS},
  year      = {2013},
  pages     = {51-64},
  ee        = {http://doi.acm.org/10.1145/2451116.2451123},
  bibsource = {DBLP, http://dblp.uni-trier.de}
}

@inproceedings{QureshiWBGM09,
  author    = {Qureshi, A. and
               Weber, R.  and
               Balakrishnan, H.  and
               Guttag, J. V.  and
               Maggs, B. M. },
  title     = {Cutting the electric bill for internet-scale systems},
  booktitle = {Proc. of ACM SIGCOMM},
  year      = {2009}
}

@inproceedings{ThereskaDN11,
  author    = {Eno Thereska and
               Austin Donnelly and
               Dushyanth Narayanan},
  title     = {Sierra: practical power-proportionality for data center
               storage},
  booktitle = {EuroSys},
  year      = {2011},
  pages     = {169-182},
  ee        = {http://doi.acm.org/10.1145/1966445.1966461},
  bibsource = {DBLP, http://dblp.uni-trier.de}
}

@article{bemis2010improving,
  title={Improving data center PUE through airflow management},
  author={Bemis, Paul and Marshall, Liz},
  journal={Applied Math Modeling Inc., Concord, NH, USA},
  year={2010}
}

@inproceedings{GandhiHK12,
  author    = {Gandhi, A and Harchol-Balter, M. and Kozuch, M. A. },
  title     = {Are sleep states effective in data centers?},
  booktitle = {Proceedings of IGCC},
  year      = {2012}
}

@ARTICLE{wangjun2008,
author={Jun Wang and Xiaoyu Yao and Huijun Zhu},
journal={Computers, IEEE Transactions on},
title={Exploiting In-Memory and On-Disk Redundancy to Conserve Energy in Storage Systems},
year={2008},
month={June},
volume={57},
number={6},
pages={733-747},
keywords={RAID;cache storage;energy conservation;parity-based redundant disk array;redundancy-based hierarchical I/O cache architecture;storage system;Costs;Delay;Energy consumption;Energy efficiency;Energy management;Energy storage;Power system management;Search engines;Spinning;System testing;Energy-aware systems;Secondary storage;Storage hierarchies;System architectures;integration and modeling},
doi={10.1109/TC.2008.43},
ISSN={0018-9340},}

@inproceedings{ChenABK12,
  author = {Chen, Yanpei and Alspaugh, Sara and Borthakur, Dhruba and Katz, Randy H.},
  booktitle = {EuroSys},
  title = {Energy efficiency for large-scale MapReduce workloads with significant interactive analysis.},
  year = {2012}
}

@misc{hamiltonblog,
   title={{James Hamilton's Blog}},
   key={hamiltonblog},
   note={\url{http://perspectives.mvdirona.com/}},
   year={2014}
}

@article{barroso2009datacenter,
  title={The datacenter as a computer: An introduction to the design of warehouse-scale machines},
  author={Barroso, Luiz Andr{\'e} and H{\"o}lzle, Urs},
  journal={Synthesis lectures on computer architecture},
  volume={4},
  number={1},
  pages={1--108},
  year={2009},
  publisher={Morgan \& Claypool Publishers}
}

@inproceedings{wangicac2013,
  author    = {Wei Wang and
               Baochun Li and
               Ben Liang},
  title     = {To Reserve or Not to Reserve: Optimal Online Multi-Instance Acquisition in IaaS Clouds},
  booktitle = {ICAC},
  year      = {2013},
  pages     = {13-22},
  address = {San Jose, California, USA},
}

@inproceedings{WangNLL13,
  author    = {Wei Wang and
               Di Niu and
               Baochun Li and
               Ben Liang},
  title     = {Dynamic Cloud Resource Reservation via Cloud Brokerage},
  booktitle = {ICDCS},
  year      = {2013},
  pages     = {400-409},
  ee        = {http://doi.ieeecomputersociety.org/10.1109/ICDCS.2013.20},
  bibsource = {DBLP, http://dblp.uni-trier.de}
}

@inproceedings{Zafer2012OBS,
 author = {Zafer, Murtaza and Song, Yang and Lee, Kang-Won},
 title = {Optimal Bids for Spot VMs in a Cloud for Deadline Constrained Jobs},
 booktitle = {Proceedings of the 2012 IEEE Fifth International Conference on Cloud Computing},
 series = {CLOUD '12},
 year = {2012},
 isbn = {978-0-7695-4755-8},
 pages = {75--82},
 numpages = {8},
 url = {http://dx.doi.org/10.1109/CLOUD.2012.59},
 doi = {10.1109/CLOUD.2012.59},
 acmid = {2353766},
 publisher = {IEEE Computer Society},
 address = {Washington, DC, USA},
 keywords = {amazon ec2, spot vm, optimal bid, deadline},
}

@book{BarrosoH09,
  author    = {Andr{\'e} Barroso, L. and H{\"o}lzle,  U.},
  title     = {The Datacenter as a computer: an introduction to the design
               of warehouse-scale machines},
  publisher = {Morgan {\&} Claypool},

  year      = {2009}
   % series    = {Synthesis Lectures on Computer Architecture},
}

@article{Hamilton2009ISI,
 author = {J. Hamilton},
 title = {Internet-scale Service Infrastructure Efficiency},
 journal = {SIGARCH Comput. Archit. News},
 issue_date = {June 2009},
 volume = {37},
 number = {3},
 month = jun,
 year = {2009},
 issn = {0163-5964},
 pages = {232--232},
 numpages = {1},
 url = {http://doi.acm.org/10.1145/1555815.1555756},
 doi = {10.1145/1555815.1555756},
 acmid = {1555756},
 publisher = {ACM},
 address = {New York, NY, USA},
 keywords = {efficiency, internet-scale},
}

@article{patterson2007data,
  title={Data center TCO; a comparison of high-density and low-density spaces},
  author={Patterson, Michael K and Costello, D and Grimm, P and Loeffler, M},
  journal={Thermal Challenges in Next Generation Electronic Systems (THERMES 2007)},
  year={2007}
}

@inproceedings{Lim2011PBV,
 author = {Lim, Harold and Kansal, Aman and Liu, Jie},
 title = {Power Budgeting for Virtualized Data Centers},
 booktitle = {Proceedings of the 2011 USENIX Conference on USENIX Annual Technical Conference},
 series = {USENIXATC'11},
 year = {2011},
 location = {Portland, OR},
 pages = {5--5},
 numpages = {1},
 url = {http://dl.acm.org/citation.cfm?id=2002181.2002186},
 acmid = {2002186},
 publisher = {USENIX Association},
 address = {Berkeley, CA, USA},
}

@inproceedings{govindan2009statistical,
  title={Statistical profiling-based techniques for effective power provisioning in data centers},
  author={Govindan, Sriram and Choi, Jeonghwan and Urgaonkar, Bhuvan and Sivasubramaniam, Anand and Baldini, Andrea},
  booktitle={Proceedings of the 4th ACM European conference on Computer systems},
  pages={317--330},
  year={2009},
  organization={ACM}
}

@ARTICLE{Prasad14MDA,
author={Prasad, A.S. and Rao, S.},
journal={Computers, IEEE Transactions on},
title={A Mechanism Design Approach to Resource Procurement in Cloud Computing},
year={2014},
month={Jan},
volume={63},
number={1},
pages={17-30},
keywords={Bayes methods;cloud computing;incentive schemes;pricing;procurement;C-BIC;C-DSIC;C-OPT;VCG mechanism;cloud broker;cloud computing;cloud optimal;cloud resource procurement approach;cloud vendor;cloud-Bayesian incentive compatible;cloud-dominant strategy incentive compatible;dynamic pricing;low-bid Vickrey auction;mechanism design approach;resource procurement cost;virtual cost;Cloud computing;cloud broker;dynamic pricing;mechanism design;multiattribute auctions;resource procurement;reverse auctions},
doi={10.1109/TC.2013.106},
ISSN={0018-9340},}

@INPROCEEDINGS{Xin13CCT,
author={Xin Jin and Yu-Kwong Kwok and Yong Yan},
booktitle={Cloud Computing Technology and Science (CloudCom), 2013 IEEE 5th International Conference on},
title={Competitive Cloud Resource Procurements via Cloud Brokerage},
year={2013},
month={Dec},
volume={2},
pages={355-362},
keywords={cloud computing;game theory;IaaS cloud markets;Nash equilibrium;cloud brokerage services;cloud providers;cloud resource multiplexing;competitive cloud resource procurements;demand quantities;noncooperative game modeling;optimal demand responses;pricing strategies;service quality;static game;surplus;tenant consumers;tenant demand correlation;Cloud computing;Clouds;Delays;Games;Nash equilibrium;Pricing;Procurement;Cloud computing;distributed learning;game theory;pricing scheme design;resource allocation},
doi={10.1109/CloudCom.2013.92},}


@INPROCEEDINGS{Vinu12ISD,
author={Vinu Prasad, G. and Rao, S. and Prasad, A.S.},
booktitle={Intelligent Systems Design and Applications (ISDA), 2012 12th International Conference on},
title={A Combinatorial Auction mechanism for multiple resource procurement in cloud computing},
year={2012},
month={Nov},
pages={337-344},
keywords={cloud computing;combinatorial mathematics;pricing;procurement;resource allocation;tendering;CABOB model;bidding;cloud computing;cloud vendors;combinatorial auction branch on bids model;combinatorial auction mechanism;dynamic resource pricing;multiple resource procurement;user requests;Cloud computing;Computational modeling;Economics;Pricing;Procurement;Quality of service;Standards;branch on bids;cloud computing;combinatorial auctions;dynamic pricing},
doi={10.1109/ISDA.2012.6416561},
ISSN={2164-7143},}


@inproceedings{agarwal2010sleepserver,
  title={Sleepserver: A software-only approach for reducing the energy consumption of pcs within enterprise environments},
  author={Agarwal, Yuvraj and Savage, Stefan and Gupta, Rajesh},
  booktitle={Proceedings of the 2010 USENIX conference on USENIX annual technical conference},
  pages={22--22},
  year={2010},
  organization={USENIX Association}
}
@inproceedings{annavaram2005mitigating,
  title={Mitigating Amdahl's law through EPI throttling},
  author={Annavaram, Murali and Grochowski, Ed and Shen, John},
  booktitle={Computer Architecture, 2005. ISCA'05. Proceedings. 32nd International Symposium on},
  pages={298--309},
  year={2005},
  organization={IEEE}
}
@article{chaitanya2008qdsl,
  title={QDSL: a queuing model for systems with differential service levels},
  author={Chaitanya, Shiva and Urgaonkar, Bhuvan and Sivasubramaniam, Anand},
  journal={ACM SIGMETRICS Performance Evaluation Review},
  volume={36},
  number={1},
  pages={289--300},
  year={2008},
  publisher={ACM}
}

@inproceedings{chen2011coordinating,
  title={Coordinating processor and main memory for efficientserver power control},
  author={Chen, Ming and Wang, Xiaorui and Li, Xue},
  booktitle={Proceedings of the international conference on Supercomputing},
  pages={130--140},
  year={2011},
  organization={ACM}
}

@inproceedings{choi2008profiling,
  title={Profiling, prediction, and capping of power consumption in consolidated environments},
  author={Choi, Jeonghwan and Govindan, Sriram and Urgaonkar, Bhuvan and Sivasubramaniam, Anand},
  booktitle={Proc. IEEE MASCOTS},
  pages={1--10},
  year={2008},
  organization={IEEE}
}

@inproceedings{choi2007modeling,
  title={Modeling and managing thermal profiles of rack-mounted servers with thermostat},
  author={Choi, Jeonghwan and Kim, Youngjae and Sivasubramaniam, Anand and Srebric, Jelena and Wang, Qian and Lee, Joonwon},
  booktitle={High Performance Computer Architecture, 2007. HPCA 2007. IEEE 13th International Symposium on},
  pages={205--215},
  year={2007},
  organization={IEEE}
}

@article{freeh2007analyzing,
  title={Analyzing the energy-time trade-off in high-performance computing applications},
  author={Freeh, Vincent W and Lowenthal, David K and Pan, Feng and Kappiah, Nandini and Springer, Robert and Rountree, Barry L and Femal, Mark E},
  journal={Parallel and Distributed Systems, IEEE Transactions on},
  volume={18},
  number={6},
  pages={835--848},
  year={2007},
  publisher={IEEE}
}

@inproceedings{gandhi2009optimal,
  title={Optimal power allocation in server farms},
  author={Gandhi, A. and Harchol-Balter, M. and Das, R. and Lefurgy, C.},
  booktitle={ACM SIGMETRICS Perform. Eval. Rev.},
  year={2009}
}

@inproceedings{hughes2011optimizing,
  title={Optimizing throughput/power trade-offs in hardware transactional memory using DVFS and intelligent scheduling},
  author={Hughes, Clay and Li, Tao},
  booktitle={Proceedings of the international conference on Supercomputing},
  pages={141--150},
  year={2011},
  organization={ACM}
}
@inproceedings{lim2007determining,
  title={Determining the minimum energy consumption using dynamic voltage and frequency scaling},
  author={Lim, Min Yeol and Freeh, Vincent W},
  booktitle={Parallel and Distributed Processing Symposium, 2007. IPDPS 2007. IEEE International},
  pages={1--8},
  year={2007},
  organization={IEEE}
}

@article{deng2011memscale,
  title={Memscale: active low-power modes for main memory},
  author={Deng, Qingyuan and Meisner, David and Ramos, Luiz and Wenisch, Thomas F and Bianchini, Ricardo},
  journal={ACM SIGPLAN Notices},
  volume={46},
  number={3},
  pages={225--238},
  year={2011},
  publisher={ACM}
}

@article{diniz2007limiting,
  title={Limiting the power consumption of main memory},
  author={Diniz, Bruno and Guedes, Dorgival and Meira Jr, Wagner and Bianchini, Ricardo},
  journal={ACM SIGARCH Computer Architecture News},
  volume={35},
  number={2},
  pages={290--301},
  year={2007},
  publisher={ACM}
}

@incollection{huang2001energy,
  title={Energy/Performance Design of Memory Hierarchies for Processor-in-Memory Chips?},
  author={Huang, Michael and Renau, Jose and Yoo, Seung-Moon and Torrellas, Josep},
  booktitle={Intelligent Memory Systems},
  pages={152--159},
  year={2001},
  publisher={Springer}
}

@article{lebeck2000power,
  title={Power aware page allocation},
  author={Lebeck, Alvin R and Fan, Xiaobo and Zeng, Heng and Ellis, Carla},
  journal={ACM SIGPLAN Notices},
  volume={35},
  number={11},
  pages={105--116},
  year={2000},
  publisher={ACM}
}

@inproceedings{gurumurthi2003drpm,
  title={DRPM: dynamic speed control for power management in server class disks},
  author={Gurumurthi, Sudhanva and Sivasubramaniam, Anand and Kandemir, Mahmut and Franke, Hubertus},
  booktitle={Computer Architecture, 2003. Proceedings. 30th Annual International Symposium on},
  pages={169--179},
  year={2003},
  organization={IEEE}
}
@article{gurumurthi2003reducing,
  title={Reducing disk power consumption in servers with DRPM},
  author={Gurumurthi, Sudhanva and Sivasubramaniam, Anand and Kandemir, Mahmut and Franke, Hubertus},
  journal={Computer},
  volume={36},
  number={12},
  pages={59--66},
  year={2003},
  publisher={IEEE Computer Society Press}
}

@inproceedings{abbasi2010thermal,
  title={Thermal aware server provisioning and workload distribution for internet data centers},
  author={Abbasi, Zahra and Varsamopoulos, Georgios and Gupta, Sandeep KS},
  booktitle={Proceedings of the 19th ACM International Symposium on High Performance Distributed Computing},
  pages={130--141},
  year={2010},
  organization={ACM}
}

@inproceedings{ahmad2010joint,
  title={Joint optimization of idle and cooling power in data centers while maintaining response time},
  author={Ahmad, Faraz and Vijaykumar, TN},
  booktitle={ACM Sigplan Notices},
  volume={45},
  number={3},
  pages={243--256},
  year={2010},
  organization={ACM}
}

@inproceedings{biswas2011fighting,
  title={Fighting fire with fire: modeling the datacenter-scale effects of targeted superlattice thermal management},
  author={Biswas, Susmit and Tiwari, Mohit and Sherwood, Timothy and Theogarajan, Luke and Chong, Frederic T},
  booktitle={Computer Architecture (ISCA), 2011 38th Annual International Symposium on},
  pages={331--340},
  year={2011},
  organization={IEEE}
}
@inproceedings{ranganathan2006ensemble,
  title={Ensemble-level power management for dense blade servers},
  author={Ranganathan, Parthasarathy and Leech, Phil and Irwin, David and Chase, Jeffrey},
  booktitle={ACM SIGARCH Computer Architecture News},
  volume={34},
  number={2},
  pages={66--77},
  year={2006},
  organization={IEEE Computer Society}
}

@misc{greenpeace,
   title={{How clean is your cloud}},
   key={greenpeace},
   note={\url{http://www.greenpeace.org/international/Global/international/publications/climate/2012/iCoal/HowCleanisYourCloud.pdf}},
   year={2012}
}

@misc{dcee,
   title={{Data center energy efficiency}},
   key={dcee},
   note={\url{http://ebscosustainability.files.wordpress.com/2010/06/data-center-energy-efficiency.pdf}},
   year={2010}
}

@misc{greendc,
   title={{Data center carbon emissions}},
   key={greendc},
   note={\url{http://www.gartner.com/newsroom/id/530912}},
   year={2007}
}

@misc{hamilton2008,
   title={{Cost of power in large-scale data centers}},
   key={hamilton2008},
   note={\url{http://perspectives.mvdirona.com/2008/11/28/CostOfPowerInLargeScaleDataCenters.aspx}},
   year={2008}
}

@misc{googleQ4,
   title={{Google annual report Q4 2013}},
   key={googleQ4},
   note={\url{https://investor.google.com/pdf/20131231_google_10K.pdf}},
   year={2013}
}

@inproceedings{iiswc13,
  title={ACE: Abstracting, characterizing and exploiting datacenter power demands},
  author={Wang, Di and Ren, Chuangang and Govindan, Sriram and Sivasubramaniam, Anand and Urgaonkar, Bhuvan and Kansal, Aman and Vaid, Kushagra},
  booktitle={Workload Characterization (IISWC), 2013 IEEE International Symposium on},
  pages={44--55},
  year={2013},
  organization={IEEE}
}
@misc{googlecluster2011,
   title={Google cluster data},
   key={googlecluster2011},
   note={\url{https://code.google.com/p/googleclusterdata/}},
   year={2011}
}

@misc{tpcw,
   title={NYU TPC-W},
   key={tpcw},
   note={\url{http://www.cs.nyu.edu/~totok/professional/software/tpcw/tpcw.html}},
   year={}
}
@misc{rubis,
   title={Rubis},
   key={rubis},
   note={\url{http://rubis.objectweb.org/}},
   year={}
}

@misc{SPECmail2009,
   title={SPECmail2009: Mail Server Benchmark},
   key={SPECmail2009},
   note={\url{http://www.spec.org/mail2009/}},
   year={2009}
}
@misc{SPECJBB2005,
   title={SPEC JBB2005: Java Business Benchmark},
   key={SPECJBB2005},
   note={\url{http://www.spec.org/jbb2005/}},
   year={2005}
}
@misc{SPECsfs2008,
   title={SPECsfs2008: File Server Benchmark},
   key={SPECsfs2008},
   note={\url{http://www.spec.org/sfs2008/}},
   year={2008}
}
@misc{SPECvirtsc2010,
   title={SPECvirt sc2010: Server Consolidation Benchmark},
   key={SPECvirt sc2010},
   note={\url{http://www.spec.org/virt_sc2010/}},
   year={2010}
}

@misc{cloudsuite,
   title={CloudSuite},
   key={cloudsuite},
   note={\url{http://parsa.epfl.ch/cloudsuite/cloudsuite.html}},
   year={2013}
}

@misc{HadoopMapReduce,
   title={Hadoop Map Reduce},
   key={HadoopMapReduce},
   note={\url{http://hadoop.apache.org/mapreduce/}},
   year={}
}

@misc{NASParallelBenchmarks,
   title={NAS Parallel Benchmarks},
   key={NASParallelBenchmarks},
   note={\url{http://www.nas.nasa.gov/Resources/Software/npb.html}},
   year={}
}

@misc{NVIDIACUDAApplications,
   title={NVIDIA CUDA Applications},
   key={NVIDIACUDAApplications},
   note={\url{http://developer.nvidia.com/cuda-action-research-apps}},
   year={}
}

@inproceedings{giles1998citeseer,
  title={CiteSeer: An automatic citation indexing system},
  author={Giles, C Lee and Bollacker, Kurt D and Lawrence, Steve},
  booktitle={Proceedings of the third ACM conference on Digital libraries},
  pages={89--98},
  year={1998},
  organization={ACM}
}

@inproceedings{Teregowda10a,
  Author = "Pradeep Teregowda and Bhuvan Urgaonkar and C. Lee Giles",
  Booktitle = "In Proceedings of the Second USENIX Workshop on Hot Topics in Cloud Computing (HOTCLOUD 2010)",
  Title = "CiteSeerX: A Cloud Perspective",
  Keywords ="Cloud computing, Distributed/Clustered Systems",
  Month = "Jun",
  Year = "2010",
  URL = "http://csl.cse.psu.edu/publications/teregowda-hotcloud-10.pdf"
}


@inproceedings{Teregowda10b,
  Author = "Pradeep Teregowda and Bhuvan Urgaonkar and C. Lee Giles",
  Booktitle = "In Proceedings of the IEEE Third International Conference on Cloud Computing (CLOUD 2010)",
  Title = "Cloud Computing: A Digital Libraries Perspective",
  Keywords ="Cloud computing, Distributed/Clustered Systems",
  Month = "Jul",
  Year = "2010",
  URL = "http://csl.cse.psu.edu/publications/teregowda-2010-cloud.pdf"
}


@techreport{chengrealtariff13,
  title={A hierarchical demand response framework for data center power cost optimization under real-world electricity pricing},
  author={C. Wang and B. Urgaonkar and Q. Wang and G. Kesidis},
  institution={Penn State University. Available: http://www.cse.psu.edu/research/publications/tech-reports/2013/CSE-13-010.pdf},
  year={2013}
}

@techreport{PowerPredictionTR,
  title={Profiling, Prediction, and Capping of Power Consumption in Consolidated Environments},
  author={J. Choi and S. Govindan and B. Urgaonkar and A. Sivasubramaniam},
  institution={Penn State University. Available: http://www.cse.psu.edu/~sgovinda/PowerPredictionTR.pdf},
  year={2008}
}

@INPROCEEDINGS{GFA10,
author={Galus, Matthias D. and La Fauci, R. and Andersson, G.},
booktitle={Power and Energy Society General Meeting, 2010 IEEE},
title={Investigating PHEV wind balancing capabilities using heuristics and model predictive control},
year={2010},
month={July},
pages={1-8},
keywords={hybrid electric vehicles;power system security;predictive control;renewable energy sources;wind power plants;heuristics control;model predictive control;plug-in hybrid electric vehicles wind balancing capabilities;renewable energy sources;storage management approaches;sustainable energy systems;system security;wind farm;MPC;PHEV;V2G;balancing energy;energy hub;heuristic;wind power forecast},
doi={10.1109/PES.2010.5589267},
ISSN={1944-9925},}

@misc{windenergy,
key = "wind",
title  = "Wind Energy: The Facts. Part 2, Chapter 2 - Understanding Variable Output Characteristics of Wind Power",
howpublished = "Available at http://www.wind-energy-the-facts.org/en/part-2-grid-integration"
}

@misc{softlayer,
   title={{SoftLayer Pricing}},
   key={softlayer},
   note={\url{http://www.softlayer.com/virtual-servers}},
   year={2014}
}

@misc{profitbricks,
   title={{ProfitBricks Pricing}},
   key={profitbricks},
   note={\url{http://www.profitbricks.co.uk/pricing}},
   year={2014}
}

@misc{hpcloud,
   title={{HP Cloud Pricing}},
   key={hpcloud},
   note={\url{http://www.hpcloud.com/pricing}},
   year={2014}
}

@misc{cloudsigma,
   title={{CloudSigma Pricing}},
   key={cloudsigma},
   note={\url{http://www.cloudsigma.com/}},
   year={2014}
}

@article{tocs13,
  title={Aggressive datacenter power provisioning with batteries},
  author={Govindan, Sriram and Wang, Di and Sivasubramaniam, Anand and Urgaonkar, Bhuvan},
  journal={ACM Transactions on Computer Systems (TOCS)},
  volume={31},
  number={1},
  pages={2},
  year={2013},
  publisher={ACM}
}
@inproceedings{socc12,
  title={Using batteries to reduce the power costs of internet-scale distributed networks},
  author={Palasamudram, Darshan S and Sitaraman, Ramesh K and Urgaonkar, Bhuvan and Urgaonkar, Rahul},
  booktitle={Proceedings of the Third ACM Symposium on Cloud Computing},
  pages={11},
  year={2012},
  organization={ACM}
}
@inproceedings{takmig,
  title={To move or not to move: The economics of cloud computing},
  author={Tak, Byung Chul and Urgaonkar, Bhuvan and Sivasubramaniam, Anand},
  booktitle={Proceedings of the 3rd USENIX conference on Hot topics in cloud computing},
  pages={5--5},
  year={2011},
  organization={USENIX Association}
}


@inproceedings{asplos09,
  author    = {Aayush Gupta and
               Youngjae Kim and
               Bhuvan Urgaonkar},
  title     = {DFTL: a flash translation layer employing demand-based selective
               caching of page-level address mappings},
  booktitle = {ASPLOS},
  year      = {2009},
  pages     = {229-240},
}
@inproceedings{flashsim,
  title={Flashsim: A simulator for nand flash-based solid-state drives},
  author={Kim, Youngjae and Tauras, Brendan and Gupta, Aayush and Urgaonkar, Bhuvan},
  booktitle={Advances in System Simulation, 2009. SIMUL'09. First International Conference on},
  pages={125--131},
  year={2009},
  organization={IEEE}
}


@inproceedings{sigmetrics05,
  title={An analytical model for multi-tier internet services and its applications},
  author={Urgaonkar, Bhuvan and Pacifici, Giovanni and Shenoy, Prashant and Spreitzer, Mike and Tantawi, Asser},
  booktitle={ACM SIGMETRICS Performance Evaluation Review},
  volume={33},
  number={1},
  pages={291--302},
  year={2005},
  organization={ACM}
}
@inproceedings{fast11,
  title={Leveraging Value Locality in Optimizing NAND Flash-based SSDs.},
  author={Gupta, Aayush and Pisolkar, Raghav and Urgaonkar, Bhuvan and Sivasubramaniam, Anand},
  booktitle={FAST},
  pages={91--103},
  year={2011}
}

@article{krishnan2011vm,
  title={VM power metering: feasibility and challenges},
  author={Krishnan, Bhavani and Amur, Hrishikesh and Gavrilovska, Ada and Schwan, Karsten},
  journal={ACM SIGMETRICS Performance Evaluation Review},
  volume={38},
  number={3},
  pages={56--60},
  year={2011},
  publisher={ACM}
}
@inproceedings{pore2012energy,
  title={Energy aware Colocation of Workload in Data centers},
  author={Pore, Madhurima and Abbasi, Zahra and Gupta, Sandeep KS and Varsamopoulos, Georgios},
  booktitle={High Performance Computing (HiPC), 2012 19th International Conference on},
  pages={1--6},
  year={2012},
  organization={IEEE}
}
@article{wang2012thermal,
  title={Thermal aware workload placement with task-temperature profiles in a data center},
  author={Wang, Lizhe and Khan, Samee U and Dayal, Jai},
  journal={The Journal of Supercomputing},
  volume={61},
  number={3},
  pages={780--803},
  year={2012},
  publisher={Springer}
}
@inproceedings{Vasic2009MCA,
 author = {Vasi\'{c}, Nedeljko and Barisits, Martin and Salzgeber, Vincent and Kostic, Dejan},
 title = {Making Cluster Applications Energy-aware},
 booktitle = {Proceedings of the 1st Workshop on Automated Control for Datacenters and Clouds},
 series = {ACDC '09},
 year = {2009},
 isbn = {978-1-60558-585-7},
 location = {Barcelona, Spain},
 pages = {37--42},
 numpages = {6},
 url = {http://doi.acm.org/10.1145/1555271.1555281},
 doi = {10.1145/1555271.1555281},
 acmid = {1555281},
 publisher = {ACM},
 address = {New York, NY, USA},
 keywords = {cluster applications, cluster services, energy-awareness, storage},
}

@inproceedings{SriramVEE,
  title={Xen and co.: communication-aware cpu scheduling for consolidated xen-based hosting platforms},
  author={Govindan, Sriram and Nath, Arjun R and Das, Amitayu and Urgaonkar, Bhuvan and Sivasubramaniam, Anand},
  booktitle={Proceedings of the 3rd international conference on Virtual execution environments},
  pages={126--136},
  year={2007},
  organization={ACM}
}

@article{SandPiperPrashant,
  title={Sandpiper: Black-box and gray-box resource management for virtual machines},
  author={Wood, Timothy and Shenoy, Prashant and Venkataramani, Arun and Yousif, Mazin},
  journal={Computer Networks},
  volume={53},
  number={17},
  pages={2923--2938},
  year={2009},
  publisher={Elsevier}
}

@article{wu2012sla,
  title={SLA-based admission control for a Software-as-a-Service provider in Cloud computing environments},
  author={Wu, Linlin and Kumar Garg, Saurabh and Buyya, Rajkumar},
  journal={Journal of Computer and System Sciences},
  volume={78},
  number={5},
  pages={1280--1299},
  year={2012},
  publisher={Elsevier}
}
@article{rochwerger2011reservoir,
  title={Reservoir-when one cloud is not enough},
  author={Rochwerger, Benny and Breitgand, David and Epstein, Amir and Hadas, David and Loy, Irit and Nagin, Kenneth and Tordsson, Johan and Ragusa, Carmelo and Villari, Massimo and Clayman, Stuart},
  journal={IEEE computer},
  volume={44},
  number={3},
  pages={44--51},
  year={2011}
}
@article{beloglazov2012optimal,
  title={Optimal online deterministic algorithms and adaptive heuristics for energy and performance efficient dynamic consolidation of virtual machines in cloud data centers},
  author={Beloglazov, Anton and Buyya, Rajkumar},
  journal={Concurrency and Computation: Practice and Experience},
  volume={24},
  number={13},
  pages={1397--1420},
  year={2012},
  publisher={Wiley Online Library}
}
@inproceedings{beloglazov2010adaptive,
  title={Adaptive threshold-based approach for energy-efficient consolidation of virtual machines in cloud data centers},
  author={Beloglazov, Anton and Buyya, Rajkumar},
  booktitle={Proceedings of the 8th International Workshop on Middleware for Grids, Clouds and e-Science},
  pages={4},
  year={2010},
  organization={ACM}
}
@article{beloglazov2012energy,
  title={Energy-aware resource allocation heuristics for efficient management of data centers for cloud computing},
  author={Beloglazov, Anton and Abawajy, Jemal and Buyya, Rajkumar},
  journal={Future Generation Computer Systems},
  volume={28},
  number={5},
  pages={755--768},
  year={2012},
  publisher={Elsevier}
}
@inproceedings{meng2010efficient,
  title={Efficient resource provisioning in compute clouds via vm multiplexing},
  author={Meng, Xiaoqiao and Isci, Canturk and Kephart, Jeffrey and Zhang, Li and Bouillet, Eric and Pendarakis, Dimitrios},
  booktitle={Proceedings of the 7th international conference on Autonomic computing},
  pages={11--20},
  year={2010},
  organization={ACM}
}
@article{e2e,
  title={End-to-end arguments in system design},
  author={Saltzer, Jerome H and Reed, David P and Clark, David D},
  journal={ACM Transactions on Computer Systems (TOCS)},
  volume={2},
  number={4},
  pages={277--288},
  year={1984},
  publisher={ACM}
}
@ARTICLE{nemesis,
author={Leslie, I.M. and McAuley, D. and Black, R. and Roscoe, T. and Barham, P. and Evers, D. and Fairbairns, R. and Hyden, E.},
journal={Selected Areas in Communications, IEEE Journal on},
title={The design and implementation of an operating system to support distributed multimedia applications},
year={1996},
month={Sep},
volume={14},
number={7},
pages={1280-1297},
keywords={distributed processing;multimedia communication;multimedia computing;network operating systems;CPU;design;distributed multimedia applications;general purpose computing platforms;hardware platforms;multimedia applications;operating system;resources multiplexing;Hardware;Multimedia computing;Operating systems},
doi={10.1109/49.536480},
ISSN={0733-8716},}

@inproceedings{exo,
 author = {Engler, D. R. and Kaashoek, M. F. and O'Toole,Jr., J.},
 title = {Exokernel: An Operating System Architecture for Application-level Resource Management},
 booktitle = {Proceedings of the Fifteenth ACM Symposium on Operating Systems Principles},
 series = {SOSP '95},
 year = {1995},
 isbn = {0-89791-715-4},
 location = {Copper Mountain, Colorado, USA},
 pages = {251--266},
 numpages = {16},
 publisher = {ACM},
 address = {New York, NY, USA},
}

@article{minix,
  title={A UNIX clone with source code for operating systems courses},
  author={Tanenbaum, Andrew S},
  journal={ACM SIGOPS Operating Systems Review},
  volume={21},
  number={1},
  pages={20--29},
  year={1987},
  publisher={ACM}
}
@inproceedings{l4,
 author = {Liedtke, J.},
 title = {On Micro-kernel Construction},
 booktitle = {Proceedings of the Fifteenth ACM Symposium on Operating Systems Principles},
 series = {SOSP '95},
 year = {1995},
 isbn = {0-89791-715-4},
 location = {Copper Mountain, Colorado, USA},
 pages = {237--250},
 numpages = {14},
 url = {http://doi.acm.org/10.1145/224056.224075},
 doi = {10.1145/224056.224075},
 acmid = {224075},
 publisher = {ACM},
 address = {New York, NY, USA},
}

@inproceedings{ye2011live,
  title={Live migration of multiple virtual machines with resource reservation in cloud computing environments},
  author={Ye, Kejiang and Jiang, Xiaohong and Huang, Dawei and Chen, Jianhai and Wang, Bei},
  booktitle={Cloud Computing (CLOUD), 2011 IEEE International Conference on},
  pages={267--274},
  year={2011},
  organization={IEEE}
}

@inproceedings{hu2009resource,
  title={Resource provisioning for cloud computing},
  author={Hu, Ye and Wong, Johnny and Iszlai, Gabriel and Litoiu, Marin},
  booktitle={Proceedings of the 2009 Conference of the Center for Advanced Studies on Collaborative Research},
  pages={101--111},
  year={2009},
  organization={IBM Corp.}
}

@article{zaman2013combinatorial,
  title={Combinatorial auction-based allocation of virtual machine instances in clouds},
  author={Zaman, Sharrukh and Grosu, Daniel},
  journal={Journal of Parallel and Distributed Computing},
  volume={73},
  number={4},
  pages={495--508},
  year={2013},
  publisher={Elsevier}
}
@incollection{xu2012cloud,
  title={Cloud task and virtual machine allocation strategy in cloud computing environment},
  author={Xu, Xing and Hu, Hao and Hu, Na and Ying, Weiqin},
  booktitle={Network Computing and Information Security},
  pages={113--120},
  year={2012},
  publisher={Springer}
}
@inproceedings{hotcloud14cheng,
  title={A Case for Virtualizing the Electric Utility in Cloud Data Centers},
  author={Wang, Cheng and Urgaonkar, Bhuvan and Kesidis, George and Shanbhag, Uday V and Wang, Qian},
  booktitle={Proceedings of the Sixth USENIX Workshop on Hot Topics in Cloud Computing (HOTCLOUD 2014)},
  month={June},
  address={Philadelphia, PA},
  year={2014}
}
@inproceedings{wang2009ship,
  title={SHIP: Scalable hierarchical power control for large-scale data centers},
  author={Wang, Xiaorui and Chen, Ming and Lefurgy, Charles and Keller, Tom W},
  booktitle={Parallel Architectures and Compilation Techniques, 2009. PACT'09. 18th International Conference on},
  pages={91--100},
  year={2009},
  organization={IEEE}
}
@inproceedings{wang2012design,
  title={On the design of decentralized control architectures for workload consolidation in large-scale server clusters},
  author={Wang, Rui and Kandasamy, Nagarajan},
  booktitle={Proceedings of the 9th international conference on Autonomic computing},
  pages={115--124},
  year={2012},
  organization={ACM}
}

@article{gan2013optimal,
  title={Optimal decentralized protocol for electric vehicle charging},
  author={Gan, Lingwen and Topcu, Ufuk and Low, S},
  journal={Power Systems, IEEE Transactions on},
  volume={28},
  number={2},
  pages={940--951},
  year={2013},
  publisher={IEEE}
}
@inproceedings{wang2014mascots,
  title={A Hierarchical Demand Response Framework for Data Center Power Cost Optimization Under Real-World Electricity Pricing},
  author={Wang, Cheng and Urgaonkar, Bhuvan and Wang, Qian and Kesidis, George},
  booktitle={Proc. IEEE MASCOTS},
  year={2014},
  month={Sept.},
  address={Paris, France},
}


@inproceedings{Liu2014PDC,
 author = {Liu, Z. and Liu, I. and Low, S. and Wierman, A.},
 title = {Pricing data center demand response},
 booktitle = {Proc. of ACM SIGMETRICS},
 year = {2014},
 %address = {New York, NY, USA}
}

@inproceedings {Ren2014CDR,
author = {Ren, S. and Islam, M. A.},
title = {Colocation demand response: why do I turn off my servers?},
booktitle = {Proc. of ICAC},
year = {2014}
}

@inproceedings{Shi2014OAF,
 author = {Shi, W. and Zhang, L. and Wu, C. and Li, Z. and Lau, F. C.M.},
 title = {An online auction framework for dynamic resource provisioning in cloud computing},
 booktitle = {Proc. of ACM SIGMETRICS},
 year = {2014}
}
@ARTICLE{kantere11,
	author={Kantere, V. and Dash, D. and Francois, G. and Kyriakopoulou, S. and Ailamaki, A.},
	journal={IEEE Trans. Knowledge and Data Engineering},
	title={Optimal service pricing for a cloud cache},
	year={2011},
%	month={Sept},
%	volume={23},
	pages={1345-1358}
}
@inproceedings{feng12,
author    = {Feng, Y. and Li, B. and Li, B.},
title     = {Bargaining towards maximized resource utilization in video streaming datacenters},
booktitle = {Proc. of INFOCOM},
year      = {2012}
}

@article{feng14,
author    = {Feng, Y. and Li, B. and Li, B.},
title     = {Price competition in an oligopoly market with multiple IaaS cloud providers},
journal   = {IEEE Trans. Computers},
volume    = {63},
number    = {1},
year      = {2014}
}
@article{anselmi13,
	title = {The economics of the cloud: price competition and congestion},
    author = {Anselmi, J. and Ardagna, D. and Liu, J. C. S. and Wierman, A. and Xu, Y. and Yang, Z.},
	journal = {SIGMETRICS Perform. Eval. Rev.},
  volume = {41},
 number = {4},
 month = apr,
 year = {2014}
}

@ARTICLE{Zhu2014RTT,
author = {Zhu, X. and Yang, L. T. and Chen, H. and Wang, J. and Yin, S. and Liu, X.},
journal={IEEE Trans. Cloud Computing},
title={Real-Time tasks oriented energy-aware scheduling in virtualized clouds},
year={2014},
month={April},
volume={2},
number={2},
pages={168-180}
}

@inproceedings{Tu2013DPN,
 author = {Tu, J. and Lu, L. and Chen, M. and Sitaraman, R. K.},
 title = {Dynamic provisioning in next-generation data centers with on-site power production},
 booktitle = {Proceedings of e-Energy},
 year = {2013},
 location = {Berkeley, California, USA}
}

@inproceedings {Yan2012QE,
author = {Feng Yan and Xenia Mountrouidou and Evgenia Smirni},
title = {Quantitative Estimation of the Performance Delay with Propagation Effects in Disk Power Savings},
booktitle = {Presented as part of the 2012 Workshop on Power-Aware Computing and Systems},
year = {2012},
location = {Hollywood, CA},
url = {https://www.usenix.org/conference/hotpower12/workshop-program/presentation/Yan},
publisher = {USENIX},
address = {Berkeley, CA}
}

@inproceedings {wierman-igcc14,
author = {Wierman, A. and Liu, Z. and Liu, I. and Mohsenian-Rad, H.},
title = {Opportunities and challenges for data center demand response},
booktitle = {Proc. of IEEE IGCC},
year = {2014}
}

@INPROCEEDINGS{BianchiniICDCS2014,
author={Berral, J.L. and Goiri, I. and Nguyen, T.D. and Gavalda, R. and Torres, J. and Bianchini, R.},
booktitle={Proceedings of IEEE ICDCS},
title={Building green cloud services at low cost},
year={2014}
}

@techreport{shapley1952value,
  title={A value for n-person games},
  author={Shapley, L. S. },
  year={1952},
  institution={DTIC Document}
}

@inproceedings{bellosa03energyaccounting,
  author = {Bellosa, F. and Weissel, A. and Waitz, M and Kellner, S.},
  title = {Event-driven energy accounting for dynamic thermal management},
  booktitle = {Proc. of COLP},
  year = {2003}
}
@misc{SPPA,
   title={{Solar Power Purchase Agreements}},
   key={SPPA},
   note={\url{http://www.seia.org/research-resources/solar-power-purchase-agreements}},
   year={2014}
}

@misc{tps,
   title={{Third party suppliers}},
   key={tps},
   note={\url{http://www.nj.gov/bpu/commercial/shopping.html#nbr1}},
   year={2014}
}
@misc{amazon-ec2,
   title={{Amazon EC2 Pricing}},
   key={amazon-ec2},
   note={\url{http://aws.amazon.com/ec2/pricing/}},
   year={2015}
}
@book{chaseBook,
author = {J. S. Chase},
title = {Demand response for computing centers},
series={Invited chapter for Green High-Performance Computing},
editor={W. Feng},
publisher={Taylor and Francis},
year = {2014},
}
@article{harish,
  author    = {Adler, M. and Sitaraman, R. K. and Venkataramani, H.},
  title     = {Algorithms for optimizing the bandwidth cost of content delivery},
  journal   = {Computer Networks},
  volume    = {55},
  number    = {18},
  pages     = {4007--4020},
  year      = {2011}
}
@misc{sceg,
   title={{SCE\&G}},
   key={sceg},
   note={\url{https://www.sceg.com/docs/librariesprovider5/electric-gas-rates/rate23.pdf}},
   year={2014}
}
@inproceedings{shapley1,
author = {Ma, R.T.B. and Chiu, D.-M. and Lui, J.C.S. and Misra, V. and Rubenstein, D. },
title = {Interconnecting eyeballs to content: a shapley value perspective on ISP peering and settlement},
booktitle = {Proc. Int'l Workshop on Economics of Networked Systems},
year = {2008}
}
@article{mathew2014energy,
  title={Energy-efficient content delivery networks using cluster shutdown},
  author={Mathew, V. and Sitaraman, R. K and Shenoy, P.},
  journal={Sustainable Computing: Informatics and Systems},
  year={2014},
  publisher={Elsevier}
}

@misc{compmovetocloud,
   title={Most {US} companies plan to increase public cloud spending 15 percent or more in 2015},
author = {D. Hamilton},
howpublished = {\url{http://www.thewhir.com/web-hosting-news/us-companies-plan-increase-public-cloud-spending-15-percent-2015}},
%url = {\url{http://www.thewhir.com/web-hosting-news/us-companies-plan-increase-public-cloud-spending-15-percent-2015}},
   key={compmovetocloud},
   %year={2014},
}

@misc{energypricegoingup,
   title={{US} electricity prices may be going up for good},
author = {Vartabedian, R.},
howpublished = {\url{http://www.latimes.com/nation/la-na-power-prices-20140426-story.html}},
   key={energypricegoingup},
  % year={2014},
}

@inproceedings{Reiss2012HDC,
 author = {Reiss, C. and Tumanov, A. and  Ganger, G. R. and Katz, R. H. and Kozuch, M. A.},
 title = {Heterogeneity and dynamicity of clouds at scale: google trace analysis},
 booktitle = {Proc. of ACM SoCC},
 year = {2012}
}
@inproceedings{Kandula2009NDC,
 author = {Kandula, S. and Sengupta, S. and Greenberg, A. and Patel, P. and Chaiken, R.},
 title = {The nature of data center traffic: measurements \& analysis},
 booktitle = {Proc. of ACM SIGCOMM },
 year = {2009},
 location = {Chicago, Illinois, USA},
% pages = {202--208}
}
@incollection{Juan2014BP,
author={Juan, D. and Li, L. and Peng, H. and Marculescu, D. and Faloutsos, C.},
booktitle={Advances in knowledge discovery and data mining},
title={Beyond poisson: modeling inter-arrival time of requests in a datacenter},
publisher={Springer International Publishing},
year={2014}
}

@inproceedings{Ghorbani2014PCB,
 author = {Ghorbani, M. and Wang, Y. and Xue, Y. and Pedram, M. and Bogdan, P.},
 title = {Prediction and control of bursty cloud workloads: a fractal framework},
 booktitle = {Proc. of CODES},
 year = {2014},
 location = {New Delhi, India},
% pages = {12:1--12:9}
}
@misc{ieso,
   title={Ontario electric utility},
   key={ieso},
   note={\url{http://www.ieso.ca/Pages/Power-Data/default.aspx#price}},
   year={2014}
}

@techreport{chengeEnergyTR,
  title={Recouping energy costs from cloud tenants: Tenant demand response aware pricing design},
  author={Wang, C. and et. al.},
  institution={CSE TR-15-001, Penn State University. \url{http://www.cse.psu.edu/~bhuvan/CSE-TR-15-001.pdf}}
  %year={2015}
}

@article{Sasaki-Hajima12,
author = "Sasaki, Y. and Kijima, K.",
title = {{Hypergames and bayesian games: A theoretical comparison of the models of games with incomplete information}},
journal = "J Syst Sci Complex",
volume = "25",
pages = "720-735",
year = 2012"
}


@inproceedings{Kar14,
author = "S. Bhattacharya and K. Kar and J. H. Chow and A. Gupta",
title = "Progressive Second Price Auctions with Elastic Supply for PEV Charging in the Smart Grid",
booktitle ="Proc. of NeTGCoop",
year = "2014"
}

@book{mpc,
author = {Kwon, W. and Han, S.},
title = {Receding horizon control},
series={Invited chapter for Green High-Performance Computing},
year = {2005},
publisher={SpringerLink}
}


@book{enerpricing,
  title={Electricity markets: pricing, structures and economics},
  author={C. Harris},
  volume={565},
  year={2011},
  publisher={John Wiley \& Sons}
}

@inproceedings{Kaushik2013GCC,
 author = {Kaushik, R. T. and Sarkar, P. and Gharaibeh, A.},
 title = {Greening the compute cloud's pricing plans},
 series = {HotPower},
 year = {2013}
}

@INPROCEEDINGS{Zhao2014infocom,
author={Zhao, J. and Li, H. and Wu, C. and Li, Z. and Zhang, Z. and Lau, F.C.M.},
booktitle={Proc. of IEEE INFOCOM},
title={Dynamic pricing and profit maximization for the cloud with geo-distributed data centers},
year={2014}
}